@article{douglas,
	author = "Eckstein, J. and Bertsekas, D.P.",
	title = "On the Douglas-Rachford Splitting Method and the Proximal Point Algorithm for Maximal Monotone Operators",
    journal = {Mathematical Programming},
    year = {1992},
    volume = {55},
    pages = {293--318}
}

@PhdThesis{OZ,
author = {Osman Nuri Osmanli},
title = {A Singular Value Decomposition Approach For Recommendation Systems},
school = {The graduate school of natural and applied sciences of middle east technical university},
year = {2010}
}
